<?xml version="1.0" encoding="UTF-8"?>
<record xmlns="http://www.loc.gov/MARC21/slim">
  <leader>01031ntm a22002897a 4500</leader>
  <controlfield tag="001">3703924</controlfield>
  <controlfield tag="005">20110722010200.0</controlfield>
  <controlfield tag="008">090115s1875    xx            000 i eng d</controlfield>
  <datafield tag="033" ind1="0" ind2="0">
    <subfield code="a">18750723</subfield>
  </datafield>
  <datafield tag="035" ind1=" " ind2=" ">
    <subfield code="a">3703924</subfield>
  </datafield>
  <datafield tag="040" ind1=" " ind2=" ">
    <subfield code="a">BRL</subfield>
  </datafield>
  <datafield tag="099" ind1=" " ind2=" ">
    <subfield code="a">Mss.Acc.2705 (29)</subfield>
  </datafield>
  <datafield tag="100" ind1="1" ind2=" ">
    <subfield code="a">Garrison, William Lloyd,</subfield>
    <subfield code="d">1805-1879.</subfield>
  </datafield>
  <datafield tag="245" ind1="1" ind2="0">
    <subfield code="a">[Letter to] Dear friend May</subfield>
    <subfield code="h">[manuscript].</subfield>
  </datafield>
  <datafield tag="260" ind1=" " ind2=" ">
    <subfield code="a">Roxbury, [Mass.],</subfield>
    <subfield code="c">July 23, 1875</subfield>
  </datafield>
  <datafield tag="300" ind1=" " ind2=" ">
    <subfield code="a">1 leaf (4p.)</subfield>
  </datafield>
  <datafield tag="500" ind1=" " ind2=" ">
    <subfield code="a">Holograph, signed.</subfield>
  </datafield>
  <datafield tag="500" ind1=" " ind2=" ">
    <subfield code="a">Includes an envelope with the delivery address: Rev. Samuel May, Leicester, Mass.</subfield>
  </datafield>
  <datafield tag="600" ind1="1" ind2="0">
    <subfield code="a">Garrison, William Lloyd,</subfield>
    <subfield code="d">1805-1879</subfield>
    <subfield code="v">Correspondence.</subfield>
  </datafield>
  <datafield tag="600" ind1="1" ind2="0">
    <subfield code="a">May, Samuel,</subfield>
    <subfield code="d">1810-1899</subfield>
    <subfield code="v">Correspondence.</subfield>
  </datafield>
  <datafield tag="650" ind1=" " ind2="0">
    <subfield code="a">Antislavery movements</subfield>
    <subfield code="z">United States</subfield>
    <subfield code="x">History</subfield>
    <subfield code="y">19th century.</subfield>
  </datafield>
  <datafield tag="650" ind1=" " ind2="0">
    <subfield code="a">Abolitionists</subfield>
    <subfield code="z">United States</subfield>
    <subfield code="y">19th century</subfield>
    <subfield code="v">Correspondence.</subfield>
  </datafield>
  <datafield tag="655" ind1=" " ind2="0">
    <subfield code="a">Letters.</subfield>
  </datafield>
  <datafield tag="655" ind1=" " ind2="0">
    <subfield code="a">Manuscripts.</subfield>
  </datafield>
  <datafield tag="700" ind1="1" ind2=" ">
    <subfield code="a">May, Samuel,</subfield>
    <subfield code="d">1810-1899,</subfield>
    <subfield code="e">recipient.</subfield>
  </datafield>
  <datafield tag="830" ind1=" " ind2="0">
    <subfield code="a">William Lloyd Garrison Correspondence (1823-1879)</subfield>
  </datafield>
  <datafield tag="999" ind1=" " ind2=" ">
    <subfield code="a">shots: 6</subfield>
  </datafield>
</record>
